@online{gradual_type,
  author       = "blog.codeclimate",
  title        = "Gradual Type Checking for Ruby",
  year         = 2014,
  url          = {blog.codeclimate.com/blog/2014/05/06/gradual-type-checking-for-ruby},
  urldate      = "21.12.2016",
  language     = "english"
}

@book{Control_flow_analysis_in_scheme,
  author    = "O. Shivers",
  title     = "Control flow analysis in scheme",
  publisher = "ACM SIGPLAN 1988 conference on Programming language design and implementation",
  year      = 1988,
  language  = "english"

}

@book{Ruby_Under_a_Microscope,
  author    = "Pat Shaughnessy",
  title     = "Ruby Under a Microscope",
  publisher = "No Starch Press",
  year      = 2013,
  language  = "english"

  
}

@online{ruby_type_checker,
  author       = "Brianna M. Ren",
  title        = "The Ruby Type Checker",
  url          = {http://www.cs.umd.edu/~jfoster/papers/oops13.pdf},
  urldate      = "21.12.2016",
  language     = "english"
}
@book{dfa_minimisation,
  author    = "John E. Hopcroft, Rajeev Motwani, Jeffrey D. Ullman",
  title     = "Introduction to Automata Theory",
  publisher = "Addison-Wesley",
  year      = 2001,
  language  = "english"

}